@ARTICLE{Pavlenko:2022:A&A,
       author = {{Pavlenko}, Ya. and {Kulyk}, I. and {Shubina}, O. and {Vasylenko}, M. and {Dobrycheva}, D. and {Korsun}, P.},
        title = "{New exocomets of {\ensuremath{\beta}} Pic}",
      journal = {\aap},
     keywords = {binaries: general, stars: individual: {\ensuremath{\beta}} Pictoris, planetary systems, methods: data analysis, comets: general, Astrophysics - Solar and Stellar Astrophysics, Astrophysics - Earth and Planetary Astrophysics},
         year = 2022,
        month = apr,
       volume = {660},
          eid = {A49},
        pages = {A49},
          doi = {10.1051/0004-6361/202142111},
archivePrefix = {arXiv},
       eprint = {2202.13373},
 primaryClass = {astro-ph.SR},
       adsurl = {https://ui.adsabs.harvard.edu/abs/2022A&A...660A..49P},
      adsnote = {Provided by the SAO/NASA Astrophysics Data System}
}

@misc{greenhouse,
	title        = {{National Greenhouse Gas Inventory: Quarterly updates}},
	author       = {{Australian Government - Department of the Environment and Energy}},
	year         = 2021,
	publisher    = {{Department of the Environment and Energy}},
	url          = {https://www.industry.gov.au/data-and-publications/national-greenhouse-gas-inventory-quarterly-updates}
}
@misc{energy_to_co2_converter,
    title = {{Carbon calculator}},
    author = {{Australian Government - Department of the Environment and Energy}},
    year         = 2021,
    publisher    = {{Department of the Environment and Energy}},
    url = {https://www.powershop.com.au/carbon-calculator/}
}

@MISC{Foreman-Mackey:2021:zndo,
   author = {{Foreman-Mackey}, Daniel and {Luger}, Rodrigo and {Agol}, Eric and {Barclay}, Thomas and et al.},
    title = "{exoplanet: Gradient-based probabilistic inference for exoplanet data \& other astronomical time series}",
     year = 2021,
    month = jun,
      eid = {10.5281/zenodo.1998447},
      doi = {10.5281/zenodo.1998447},
  version = {v0.5.1},
publisher = {Zenodo},
   adsurl = {https://ui.adsabs.harvard.edu/abs/2019zndo...1998447F},
  adsnote = {Provided by the SAO/NASA Astrophysics Data System}
}


@MISC{LightkurveCollaboration:2018:ascl,
       author = {{Lightkurve Collaboration} and {Cardoso}, Jos{\'e} Vin{\'\i}cius de Miranda and {Hedges}, Christina and {Gully-Santiago}, Michael and {Saunders}, Nicholas and {Cody}, Ann Marie and {Barclay}, Thomas and {Hall}, Oliver and {Sagear}, Sheila and {Turtelboom}, Emma and {Zhang}, Johnny and {Tzanidakis}, Andy and {Mighell}, Ken and {Coughlin}, Jeff and {Bell}, Keaton and {Berta-Thompson}, Zach and {Williams}, Peter and {Dotson}, Jessie and {Barentsen}, Geert},
        title = "{Lightkurve: Kepler and TESS time series analysis in Python}",
     keywords = {Software, NASA, Kepler, TESS},
 howpublished = {Astrophysics Source Code Library, record ascl:1812.013},
         year = 2018,
        month = dec,
          eid = {ascl:1812.013},
        pages = {ascl:1812.013},
archivePrefix = {ascl},
       eprint = {1812.013},
       adsurl = {https://ui.adsabs.harvard.edu/abs/2018ascl.soft12013L},
      adsnote = {Provided by the SAO/NASA Astrophysics Data System}
}


@ARTICLE{Gilbert:2022:AJ,
       author = {{Gilbert}, Gregory J.},
        title = "{Accurate Modeling of Grazing Transits Using Umbrella Sampling}",
      journal = {\aj},
     keywords = {1709, 486, 498, 1889, 1892, Astrophysics - Earth and Planetary Astrophysics, Astrophysics - Instrumentation and Methods for Astrophysics},
         year = 2022,
        month = mar,
       volume = {163},
       number = {3},
          eid = {111},
        pages = {111},
          doi = {10.3847/1538-3881/ac45f4},
archivePrefix = {arXiv},
       eprint = {2201.08350},
 primaryClass = {astro-ph.EP},
       adsurl = {https://ui.adsabs.harvard.edu/abs/2022AJ....163..111G},
      adsnote = {Provided by the SAO/NASA Astrophysics Data System}
}

@ARTICLE{LecavelierdesEtangs:2022:NatSR,
       author = {{Lecavelier des Etangs}, Alain and {Cros}, Lucie and {H{\'e}brard}, Guillaume and {Martioli}, Eder and {Duquesnoy}, Marc and {Kenworthy}, Matthew A. and {Kiefer}, Flavien and {Lacour}, Sylvestre and {Lagrange}, Anne-Marie and {Meunier}, Nad{\`e}ge and {Vidal-Madjar}, Alfred},
        title = "{Exocomets size distribution in the {\ensuremath{\beta}} ? Pictoris planetary system}",
      journal = {Scientific Reports},
     keywords = {Astrophysics - Earth and Planetary Astrophysics},
         year = 2022,
        month = apr,
       volume = {12},
          eid = {5855},
        pages = {5855},
          doi = {10.1038/s41598-022-09021-2},
archivePrefix = {arXiv},
       eprint = {2204.13618},
 primaryClass = {astro-ph.EP},
       adsurl = {https://ui.adsabs.harvard.edu/abs/2022NatSR..12.5855L},
      adsnote = {Provided by the SAO/NASA Astrophysics Data System}
}

@ARTICLE{Claret:2000:A&A,
       author = {{Claret}, A.},
        title = "{A new non-linear limb-darkening law for LTE stellar atmosphere models. Calculations for -5.0 <= log[M/H] <= +1, 2000 K <= T$_{eff}$ <= 50000 K at several surface gravities}",
      journal = {\aap},
     keywords = {STARS: ATMOSPHERES, STARS: BINARIES: ECLIPSING},
         year = 2000,
        month = nov,
       volume = {363},
        pages = {1081-1190},
       adsurl = {https://ui.adsabs.harvard.edu/abs/2000A&A...363.1081C},
      adsnote = {Provided by the SAO/NASA Astrophysics Data System}
}



@ARTICLE{Mandel:2002:ApJL,
       author = {{Mandel}, Kaisey and {Agol}, Eric},
        title = "{Analytic Light Curves for Planetary Transit Searches}",
      journal = {\apjl},
     keywords = {Stars: Binaries: Eclipsing, Eclipses, Occultations, Stars: Planetary Systems, Astrophysics},
         year = 2002,
        month = dec,
       volume = {580},
       number = {2},
        pages = {L171-L175},
          doi = {10.1086/345520},
archivePrefix = {arXiv},
       eprint = {astro-ph/0210099},
 primaryClass = {astro-ph},
       adsurl = {https://ui.adsabs.harvard.edu/abs/2002ApJ...580L.171M},
      adsnote = {Provided by the SAO/NASA Astrophysics Data System}
}



@ARTICLE{Rowe:2014:ApJ,
       author = {{Rowe}, Jason F. and {Bryson}, Stephen T. and {Marcy}, Geoffrey W. and {Lissauer}, Jack J. and {Jontof-Hutter}, Daniel and {Mullally}, Fergal and {Gilliland}, Ronald L. and {Issacson}, Howard and {Ford}, Eric and {Howell}, Steve B. and {Borucki}, William J. and {Haas}, Michael and {Huber}, Daniel and {Steffen}, Jason H. and {Thompson}, Susan E. and {Quintana}, Elisa and {Barclay}, Thomas and {Still}, Martin and {Fortney}, Jonathan and {Gautier}, T.~N., III and et al.},
        title = "{Validation of Kepler's Multiple Planet Candidates. III. Light Curve Analysis and Announcement of Hundreds of New Multi-planet Systems}",
      journal = {\apj},
     keywords = {planetary systems, planets and satellites: fundamental parameters, Astrophysics - Earth and Planetary Astrophysics},
         year = 2014,
        month = mar,
       volume = {784},
       number = {1},
          eid = {45},
        pages = {45},
          doi = {10.1088/0004-637X/784/1/45},
archivePrefix = {arXiv},
       eprint = {1402.6534},
 primaryClass = {astro-ph.EP},
       adsurl = {https://ui.adsabs.harvard.edu/abs/2014ApJ...784...45R},
      adsnote = {Provided by the SAO/NASA Astrophysics Data System}
}


@ARTICLE{Dawson:2012:ApJ,
       author = {{Dawson}, Rebekah I. and {Johnson}, John Asher},
        title = "{The Photoeccentric Effect and Proto-hot Jupiters. I. Measuring Photometric Eccentricities of Individual Transiting Planets}",
      journal = {\apj},
     keywords = {planetary systems, techniques: photometric, Astrophysics - Earth and Planetary Astrophysics},
         year = 2012,
        month = sep,
       volume = {756},
       number = {2},
          eid = {122},
        pages = {122},
          doi = {10.1088/0004-637X/756/2/122},
archivePrefix = {arXiv},
       eprint = {1203.5537},
 primaryClass = {astro-ph.EP},
       adsurl = {https://ui.adsabs.harvard.edu/abs/2012ApJ...756..122D},
      adsnote = {Provided by the SAO/NASA Astrophysics Data System}
}



@ARTICLE{Vehtari:2019:arXiv,
       author = {{Vehtari}, Aki and {Gelman}, Andrew and {Simpson}, Daniel and {Carpenter}, Bob and {B{\"u}rkner}, Paul-Christian},
        title = "{Rank-normalization, folding, and localization: An improved $\widehat{R}$ for assessing convergence of MCMC}",
      journal = {arXiv e-prints},
     keywords = {Statistics - Computation, Statistics - Methodology},
         year = 2019,
        month = mar,
          eid = {arXiv:1903.08008},
        pages = {arXiv:1903.08008},
archivePrefix = {arXiv},
       eprint = {1903.08008},
 primaryClass = {stat.CO},
       adsurl = {https://ui.adsabs.harvard.edu/abs/2019arXiv190308008V},
      adsnote = {Provided by the SAO/NASA Astrophysics Data System}
}




@ARTICLE{Akeson:2013:PASP,
       author = {{Akeson}, R.~L. and {Chen}, X. and {Ciardi}, D. and {Crane}, M. and {Good}, J. and {Harbut}, M. and {Jackson}, E. and {Kane}, S.~R. and {Laity}, A.~C. and {Leifer}, S. and {Lynn}, M. and {McElroy}, D.~L. and {Papin}, M. and {Plavchan}, P. and {Ram{\'\i}rez}, S.~V. and {Rey}, R. and {von Braun}, K. and {Wittman}, M. and {Abajian}, M. and {Ali}, B. and et al.},
        title = "{The NASA Exoplanet Archive: Data and Tools for Exoplanet Research}",
      journal = {\pasp},
     keywords = {Astrophysics - Instrumentation and Methods for Astrophysics, Astrophysics - Earth and Planetary Astrophysics},
         year = 2013,
        month = aug,
       volume = {125},
       number = {930},
        pages = {989},
          doi = {10.1086/672273},
archivePrefix = {arXiv},
       eprint = {1307.2944},
 primaryClass = {astro-ph.IM},
       adsurl = {https://ui.adsabs.harvard.edu/abs/2013PASP..125..989A},
      adsnote = {Provided by the SAO/NASA Astrophysics Data System}
}




@ARTICLE{Foreman-Mackey:2021:JOSS,
       author = {{Foreman-Mackey}, Daniel and {Luger}, Rodrigo and {Agol}, Eric and {Barclay}, Thomas and {Bouma}, Luke and {Brandt}, Timothy and {Czekala}, Ian and {David}, Trevor and {Dong}, Jiayin and {Gilbert}, Emily and {Gordon}, Tyler and {Hedges}, Christina and {Hey}, Daniel and {Morris}, Brett and {Price-Whelan}, Adrian and {Savel}, Arjun},
        title = "{exoplanet: Gradient-based probabilistic inference for exoplanet data \& other astronomical time series}",
      journal = {The Journal of Open Source Software},
     keywords = {Python, astronomy, Astrophysics - Instrumentation and Methods for Astrophysics, Astrophysics - Earth and Planetary Astrophysics},
         year = 2021,
        month = jun,
       volume = {6},
       number = {62},
          eid = {3285},
        pages = {3285},
          doi = {10.21105/joss.03285},
archivePrefix = {arXiv},
       eprint = {2105.01994},
 primaryClass = {astro-ph.IM},
       adsurl = {https://ui.adsabs.harvard.edu/abs/2021JOSS....6.3285F},
      adsnote = {Provided by the SAO/NASA Astrophysics Data System}
}



@ARTICLE{Ofman:2022:NewA,
       author = {{Ofman}, Leon and {Averbuch}, Amir and {Shliselberg}, Adi and {Benaun}, Idan and {Segev}, David and {Rissman}, Aron},
        title = "{Automated identification of transiting exoplanet candidates in NASA Transiting Exoplanets Survey Satellite (TESS) data with machine learning methods}",
      journal = {\na},
     keywords = {Exoplanet detection methods, Transit photometry, Computational methods, Machine learning, Astrophysics - Earth and Planetary Astrophysics, Astrophysics - Instrumentation and Methods for Astrophysics, Computer Science - Machine Learning},
         year = 2022,
        month = feb,
       volume = {91},
          eid = {101693},
        pages = {101693},
          doi = {10.1016/j.newast.2021.101693},
archivePrefix = {arXiv},
       eprint = {2102.10326},
 primaryClass = {astro-ph.EP},
       adsurl = {https://ui.adsabs.harvard.edu/abs/2022NewA...9101693O},
      adsnote = {Provided by the SAO/NASA Astrophysics Data System}
}

@ARTICLE{Saunders:2022:AJ,
       author = {{Saunders}, Nicholas and {Grunblatt}, Samuel K. and {Huber}, Daniel and {Collins}, Karen A. and {Jensen}, Eric L.~N. and {Vanderburg}, Andrew and {Brahm}, Rafael and {Jord{\'a}n}, Andr{\'e}s and {Espinoza}, N{\'e}stor and {Henning}, Thomas and {Hobson}, Melissa J. and {Quinn}, Samuel N. and {Zhou}, George and {Butler}, R. Paul and {Crause}, Lisa and {Kuhn}, Rudi B. and {Moses Mogotsi}, K. and {Hellier}, Coel and {Angus}, Ruth and {Hattori}, Soichiro and et al.},
        title = "{TESS Giants Transiting Giants. I.: A Noninflated Hot Jupiter Orbiting a Massive Subgiant}",
      journal = {\aj},
     keywords = {486, 491, 498, 1599, 911, 1372, 1368, 1646, 1547, 1709, 489, 1711, Astrophysics - Earth and Planetary Astrophysics},
         year = 2022,
        month = feb,
       volume = {163},
       number = {2},
          eid = {53},
        pages = {53},
          doi = {10.3847/1538-3881/ac38a1},
archivePrefix = {arXiv},
       eprint = {2108.02294},
 primaryClass = {astro-ph.EP},
       adsurl = {https://ui.adsabs.harvard.edu/abs/2022AJ....163...53S},
      adsnote = {Provided by the SAO/NASA Astrophysics Data System}
}

@ARTICLE{Farnham:2021:PSJ,
       author = {{Farnham}, Tony L. and {Kelley}, Michael S.~P. and {Bauer}, James M.},
        title = "{Early Activity in Comet C/2014 UN271 Bernardinelli-Bernstein as Observed by TESS}",
      journal = {\psj},
     keywords = {280, 271, 933, 1158},
         year = 2021,
        month = dec,
       volume = {2},
       number = {6},
          eid = {236},
        pages = {236},
          doi = {10.3847/PSJ/ac323d},
       adsurl = {https://ui.adsabs.harvard.edu/abs/2021PSJ.....2..236F},
      adsnote = {Provided by the SAO/NASA Astrophysics Data System}
}

@INPROCEEDINGS{Wang:2021:DPS,
       author = {{Wang}, Gavin and {Collins}, Karen},
        title = "{Developing a Tool to Automate the Search for Nearby Eclipsing Binaries Among TESS Objects of Interest}",
    booktitle = {AAS/Division for Planetary Sciences Meeting Abstracts},
         year = 2021,
       series = {AAS/Division for Planetary Sciences Meeting Abstracts},
       volume = {53},
        month = oct,
          eid = {212.07},
        pages = {212.07},
       adsurl = {https://ui.adsabs.harvard.edu/abs/2021DPS....5321207W},
      adsnote = {Provided by the SAO/NASA Astrophysics Data System}
}


@INPROCEEDINGS{Farnham:2021:DPS,
       author = {{Farnham}, Tony and {Kelley}, Michael and {Bauer}, James},
        title = "{A Survey of Comets using TESS}",
    booktitle = {AAS/Division for Planetary Sciences Meeting Abstracts},
         year = 2021,
       series = {AAS/Division for Planetary Sciences Meeting Abstracts},
       volume = {53},
        month = oct,
          eid = {301.06},
        pages = {301.06},
       adsurl = {https://ui.adsabs.harvard.edu/abs/2021DPS....5330106F},
      adsnote = {Provided by the SAO/NASA Astrophysics Data System}
}

@ARTICLE{Kunimoto:2021:RNAAS,
       author = {{Kunimoto}, Michelle and {Huang}, Chelsea and {Tey}, Evan and {Fong}, Willie and {Hesse}, Katharine and {Shporer}, Avi and {Guerrero}, Natalia and {Fausnaugh}, Michael and {Vanderspek}, Roland and {Ricker}, George},
        title = "{Quick-look Pipeline Lightcurves for 9.1 Million Stars Observed over the First Year of the TESS Extended Mission}",
      journal = {Research Notes of the American Astronomical Society},
     keywords = {Light curves, Transit photometry, Exoplanets, 918, 1709, 498, Astrophysics - Earth and Planetary Astrophysics, Astrophysics - Instrumentation and Methods for Astrophysics, Astrophysics - Solar and Stellar Astrophysics},
         year = 2021,
        month = oct,
       volume = {5},
       number = {10},
          eid = {234},
        pages = {234},
          doi = {10.3847/2515-5172/ac2ef0},
archivePrefix = {arXiv},
       eprint = {2110.05542},
 primaryClass = {astro-ph.EP},
       adsurl = {https://ui.adsabs.harvard.edu/abs/2021RNAAS...5..234K},
      adsnote = {Provided by the SAO/NASA Astrophysics Data System}
}

@ARTICLE{Kochukhov:2021:MNRAS,
       author = {{Kochukhov}, O. and {Khalack}, V. and {Kobzar}, O. and {Neiner}, C. and {Paunzen}, E. and {Labadie-Bartz}, J. and {David-Uraz}, A.},
        title = "{TESS survey of rotational and pulsational variability of mercury-manganese stars}",
      journal = {\mnras},
     keywords = {binaries: close, stars: chemically peculiar, stars: early-type, stars: oscillations, stars: rotation, starspots, Astrophysics - Solar and Stellar Astrophysics},
         year = 2021,
        month = oct,
       volume = {506},
       number = {4},
        pages = {5328-5344},
          doi = {10.1093/mnras/stab2107},
archivePrefix = {arXiv},
       eprint = {2107.09096},
 primaryClass = {astro-ph.SR},
       adsurl = {https://ui.adsabs.harvard.edu/abs/2021MNRAS.506.5328K},
      adsnote = {Provided by the SAO/NASA Astrophysics Data System}
}

@ARTICLE{Hon:2021:ApJ,
       author = {{Hon}, Marc and {Huber}, Daniel and {Kuszlewicz}, James S. and {Stello}, Dennis and {Sharma}, Sanjib and {Tayar}, Jamie and {Zinn}, Joel C. and {Vrard}, Mathieu and {Pinsonneault}, Marc H.},
        title = "{A ``Quick Look'' at All-sky Galactic Archeology with TESS: 158,000 Oscillating Red Giants from the MIT Quick-look Pipeline}",
      journal = {\apj},
     keywords = {Asteroseismology, Stellar oscillations, Astronomy data analysis, Galactic archeology, 73, 1617, 1858, 2178, Astrophysics - Solar and Stellar Astrophysics, Astrophysics - Astrophysics of Galaxies},
         year = 2021,
        month = oct,
       volume = {919},
       number = {2},
          eid = {131},
        pages = {131},
          doi = {10.3847/1538-4357/ac14b1},
archivePrefix = {arXiv},
       eprint = {2108.01241},
 primaryClass = {astro-ph.SR},
       adsurl = {https://ui.adsabs.harvard.edu/abs/2021ApJ...919..131H},
      adsnote = {Provided by the SAO/NASA Astrophysics Data System}
}

@INPROCEEDINGS{Jenkins:2021:tsc2,
       author = {{Jenkins}, Jon M. and {Twicken}, Joseph D. and {Caldwell}, Douglas A. and {Ting}, Eric B. and {Tenenbaum}, Peter and {Smith}, Jeffrey C. and {Wohler}, Bill and {Rose}, Mark and {Henze}, Christopher E. and {Fausnaugh}, Michael and {Burke}, Christopher J. and {Vanderspek}, Roland and {Hounsell}, Rebekah},
        title = "{TESS Science Processing Operations Center Pipeline Status and Updates}",
     keywords = {science pipelines, exoplanets, transit photometry, Zenodo community tsc2},
    booktitle = {Posters from the TESS Science Conference II (TSC2)},
         year = 2021,
        month = jul,
          eid = {183},
        pages = {183},
          doi = {10.5281/zenodo.5136731},
       adsurl = {https://ui.adsabs.harvard.edu/abs/2021tsc2.confE.183J},
      adsnote = {Provided by the SAO/NASA Astrophysics Data System}
}




@ARTICLE{Guerrero:2021:ApJS,
       author = {{Guerrero}, Natalia M. and {Seager}, S. and {Huang}, Chelsea X. and {Vanderburg}, Andrew and {Garcia Soto}, Aylin and {Mireles}, Ismael and {Hesse}, Katharine and {Fong}, William and {Glidden}, Ana and {Shporer}, Avi and {Latham}, David W. and {Collins}, Karen A. and {Quinn}, Samuel N. and {Burt}, Jennifer and {Dragomir}, Diana and {Crossfield}, Ian and {Vanderspek}, Roland and {Fausnaugh}, Michael and {Burke}, Christopher J. and {Ricker}, George and et al.},
        title = "{The TESS Objects of Interest Catalog from the TESS Prime Mission}",
      journal = {\apjs},
     keywords = {Exoplanet catalogs, Exoplanets, Exoplanet astronomy, 488, 498, 486, Astrophysics - Earth and Planetary Astrophysics, Astrophysics - Solar and Stellar Astrophysics},
         year = 2021,
        month = jun,
       volume = {254},
       number = {2},
          eid = {39},
        pages = {39},
          doi = {10.3847/1538-4365/abefe1},
archivePrefix = {arXiv},
       eprint = {2103.12538},
 primaryClass = {astro-ph.EP},
       adsurl = {https://ui.adsabs.harvard.edu/abs/2021ApJS..254...39G},
      adsnote = {Provided by the SAO/NASA Astrophysics Data System}
}

@ARTICLE{Powell:2021:AJ,
       author = {{Powell}, Brian P. and {Kostov}, Veselin B. and {Rappaport}, Saul A. and {Borkovits}, Tam{\'a}s and {Zasche}, Petr and {Tokovinin}, Andrei and {Kruse}, Ethan and {Latham}, David W. and {Montet}, Benjamin T. and {Jensen}, Eric L.~N. and {Jayaraman}, Rahul and {Collins}, Karen A. and {Ma{\v{s}}ek}, Martin and {Hellier}, Coel and {Evans}, Phil and {Tan}, Thiam-Guan and {Schlieder}, Joshua E. and {Torres}, Guillermo and {Smale}, Alan P. and {Friedman}, Adam H. and et al.},
        title = "{TIC 168789840: A Sextuply Eclipsing Sextuple Star System}",
      journal = {\aj},
     keywords = {Eclipsing binary stars, Transit photometry, Multiple stars, Astronomy data analysis, 444, 1709, 1081, 1858, Astrophysics - Solar and Stellar Astrophysics},
         year = 2021,
        month = apr,
       volume = {161},
       number = {4},
          eid = {162},
        pages = {162},
          doi = {10.3847/1538-3881/abddb5},
archivePrefix = {arXiv},
       eprint = {2101.03433},
 primaryClass = {astro-ph.SR},
       adsurl = {https://ui.adsabs.harvard.edu/abs/2021AJ....161..162P},
      adsnote = {Provided by the SAO/NASA Astrophysics Data System}
}

@ARTICLE{Thompson:2018:ApJS,
       author = {{Thompson}, Susan E. and {Coughlin}, Jeffrey L. and {Hoffman}, Kelsey and {Mullally}, Fergal and {Christiansen}, Jessie L. and {Burke}, Christopher J. and {Bryson}, Steve and {Batalha}, Natalie and {Haas}, Michael R. and {Catanzarite}, Joseph and {Rowe}, Jason F. and {Barentsen}, Geert and {Caldwell}, Douglas A. and {Clarke}, Bruce D. and {Jenkins}, Jon M. and {Li}, Jie and {Latham}, David W. and {Lissauer}, Jack J. and {Mathur}, Savita and {Morris}, Robert L. and et al.},
        title = "{Planetary Candidates Observed by Kepler. VIII. A Fully Automated Catalog with Measured Completeness and Reliability Based on Data Release 25}",
      journal = {\apjs},
     keywords = {catalogs, planetary systems, stars: general, surveys, Astrophysics - Earth and Planetary Astrophysics},
         year = 2018,
        month = apr,
       volume = {235},
       number = {2},
          eid = {38},
        pages = {38},
          doi = {10.3847/1538-4365/aab4f9},
archivePrefix = {arXiv},
       eprint = {1710.06758},
 primaryClass = {astro-ph.EP},
       adsurl = {https://ui.adsabs.harvard.edu/abs/2018ApJS..235...38T},
      adsnote = {Provided by the SAO/NASA Astrophysics Data System}
}


@ARTICLE{Coughlin:2016:ApJS,
       author = {{Coughlin}, Jeffrey L. and {Mullally}, F. and {Thompson}, Susan E. and {Rowe}, Jason F. and {Burke}, Christopher J. and {Latham}, David W. and {Batalha}, Natalie M. and {Ofir}, Aviv and {Quarles}, Billy L. and {Henze}, Christopher E. and {Wolfgang}, Angie and {Caldwell}, Douglas A. and {Bryson}, Stephen T. and {Shporer}, Avi and {Catanzarite}, Joseph and {Akeson}, Rachel and {Barclay}, Thomas and {Borucki}, William J. and {Boyajian}, Tabetha S. and {Campbell}, Jennifer R. and et al.},
        title = "{Planetary Candidates Observed by Kepler. VII. The First Fully Uniform Catalog Based on the Entire 48-month Data Set (Q1-Q17 DR24)}",
      journal = {\apjs},
     keywords = {catalogs, planetary systems, planets and satellites: detection, stars: statistics, surveys, techniques: photometric, Astrophysics - Earth and Planetary Astrophysics},
         year = 2016,
        month = may,
       volume = {224},
       number = {1},
          eid = {12},
        pages = {12},
          doi = {10.3847/0067-0049/224/1/12},
archivePrefix = {arXiv},
       eprint = {1512.06149},
 primaryClass = {astro-ph.EP},
       adsurl = {https://ui.adsabs.harvard.edu/abs/2016ApJS..224...12C},
      adsnote = {Provided by the SAO/NASA Astrophysics Data System}
}




@INPROCEEDINGS{Jenkins:2016:SPIE,
       author = {{Jenkins}, Jon M. and {Twicken}, Joseph D. and {McCauliff}, Sean and {Campbell}, Jennifer and {Sanderfer}, Dwight and {Lung}, David and {Mansouri-Samani}, Masoud and {Girouard}, Forrest and {Tenenbaum}, Peter and {Klaus}, Todd and {Smith}, Jeffrey C. and {Caldwell}, Douglas A. and {Chacon}, A.~D. and {Henze}, Christopher and {Heiges}, Cory and {Latham}, David W. and {Morgan}, Edward and {Swade}, Daryl and {Rinehart}, Stephen and {Vanderspek}, Roland and et al.},
        title = "{The TESS science processing operations center}",
    booktitle = {Software and Cyberinfrastructure for Astronomy IV},
         year = 2016,
       editor = {{Chiozzi}, Gianluca and {Guzman}, Juan C.},
       series = {Society of Photo-Optical Instrumentation Engineers (SPIE) Conference Series},
       volume = {9913},
        month = aug,
          eid = {99133E},
        pages = {99133E},
          doi = {10.1117/12.2233418},
       adsurl = {https://ui.adsabs.harvard.edu/abs/2016SPIE.9913E..3EJ},
      adsnote = {Provided by the SAO/NASA Astrophysics Data System}
}



@ARTICLE{Vallely:2019:MNRAS,
       author = {{Vallely}, P.~J. and {Fausnaugh}, M. and {Jha}, S.~W. and {Tucker}, M.~A. and {Eweis}, Y. and {Shappee}, B.~J. and {Kochanek}, C.~S. and {Stanek}, K.~Z. and {Chen}, Ping and {Dong}, Subo and {Prieto}, J.~L. and {Sukhbold}, T. and {Thompson}, Todd A. and {Brimacombe}, J. and {Stritzinger}, M.~D. and {Holoien}, T.~W. -S. and {Buckley}, D.~A.~H. and {Gromadzki}, M. and {Bose}, Subhash},
        title = "{ASASSN-18tb: a most unusual Type Ia supernova observed by TESS and SALT}",
      journal = {\mnras},
     keywords = {techniques: spectroscopic, circumstellar matter, supernovae: general, supernovae: individual: (ASASSN-18tb, SN 2018fhw), Astrophysics - High Energy Astrophysical Phenomena, Astrophysics - Solar and Stellar Astrophysics},
         year = 2019,
        month = aug,
       volume = {487},
       number = {2},
        pages = {2372-2384},
          doi = {10.1093/mnras/stz1445},
archivePrefix = {arXiv},
       eprint = {1903.08665},
 primaryClass = {astro-ph.HE},
       adsurl = {https://ui.adsabs.harvard.edu/abs/2019MNRAS.487.2372V},
      adsnote = {Provided by the SAO/NASA Astrophysics Data System}
}

@MISC{Foreman-Mackey:2017:ascl,
       author = {{Foreman-Mackey}, Daniel and {Agol}, Eric and {Ambikasaran}, Sivaram and {Angus}, Ruth},
        title = "{celerite: Scalable 1D Gaussian Processes in C++, Python, and Julia}",
     keywords = {Software},
 howpublished = {Astrophysics Source Code Library, record ascl:1709.008},
         year = 2017,
        month = sep,
          eid = {ascl:1709.008},
        pages = {ascl:1709.008},
archivePrefix = {ascl},
       eprint = {1709.008},
       adsurl = {https://ui.adsabs.harvard.edu/abs/2017ascl.soft09008F},
      adsnote = {Provided by the SAO/NASA Astrophysics Data System}
}



@ARTICLE{Luger:2019:AJ,
       author = {{Luger}, Rodrigo and {Agol}, Eric and {Foreman-Mackey}, Daniel and {Fleming}, David P. and {Lustig-Yaeger}, Jacob and {Deitrick}, Russell},
        title = "{starry: Analytic Occultation Light Curves}",
      journal = {\aj},
     keywords = {eclipses, methods: analytical, occultations, techniques: photometric, Astrophysics - Instrumentation and Methods for Astrophysics, Astrophysics - Earth and Planetary Astrophysics, Astrophysics - Solar and Stellar Astrophysics},
         year = 2019,
        month = feb,
       volume = {157},
       number = {2},
          eid = {64},
        pages = {64},
          doi = {10.3847/1538-3881/aae8e5},
archivePrefix = {arXiv},
       eprint = {1810.06559},
 primaryClass = {astro-ph.IM},
       adsurl = {https://ui.adsabs.harvard.edu/abs/2019AJ....157...64L},
      adsnote = {Provided by the SAO/NASA Astrophysics Data System}
}



@ARTICLE{Agol:2020:AJ,
       author = {{Agol}, Eric and {Luger}, Rodrigo and {Foreman-Mackey}, Daniel},
        title = "{Analytic Planetary Transit Light Curves and Derivatives for Stars with Polynomial Limb Darkening}",
      journal = {\aj},
     keywords = {Exoplanet astronomy, Exoplanet detection methods, Transit photometry, Computational astronomy, Astronomy software, Analytical mathematics, Transits, Light curves, Eclipses, Limb darkening, 486, 489, 1709, 293, 1855, 38, 1711, 918, 442, 922, Astrophysics - Earth and Planetary Astrophysics, Astrophysics - Instrumentation and Methods for Astrophysics},
         year = 2020,
        month = mar,
       volume = {159},
       number = {3},
          eid = {123},
        pages = {123},
          doi = {10.3847/1538-3881/ab4fee},
archivePrefix = {arXiv},
       eprint = {1908.03222},
 primaryClass = {astro-ph.EP},
       adsurl = {https://ui.adsabs.harvard.edu/abs/2020AJ....159..123A},
      adsnote = {Provided by the SAO/NASA Astrophysics Data System}
}



@ARTICLE{Fausnaugh:2021:ApJ,
       author = {{Fausnaugh}, M.~M. and {Vallely}, P.~J. and {Kochanek}, C.~S. and {Shappee}, B.~J. and {Stanek}, K.~Z. and {Tucker}, M.~A. and {Ricker}, George R. and {Vanderspek}, Roland and {Latham}, David W. and {Seager}, S. and {Winn}, Joshua N. and {Jenkins}, Jon M. and {Berta-Thompson}, Zachory K. and {Daylan}, Tansu and {Doty}, John P. and {F{\H{u}}r{\'e}sz}, G{\'a}bor and {Levine}, Alan M. and {Morris}, Robert and {P{\'a}l}, Andr{\'a}s and {Sha}, Lizhou and et al.},
        title = "{Early-time Light Curves of Type Ia Supernovae Observed with TESS}",
      journal = {\apj},
     keywords = {Type Ia supernovae, Supernovae, 1728, 1668, Astrophysics - Solar and Stellar Astrophysics, Astrophysics - High Energy Astrophysical Phenomena},
         year = 2021,
        month = feb,
       volume = {908},
       number = {1},
          eid = {51},
        pages = {51},
          doi = {10.3847/1538-4357/abcd42},
archivePrefix = {arXiv},
       eprint = {1904.02171},
 primaryClass = {astro-ph.SR},
       adsurl = {https://ui.adsabs.harvard.edu/abs/2021ApJ...908...51F},
      adsnote = {Provided by the SAO/NASA Astrophysics Data System}
}





@ARTICLE{Handler:2020:NatAs,
       author = {{Handler}, G. and {Kurtz}, D.~W. and {Rappaport}, S.~A. and {Saio}, H. and {Fuller}, J. and {Jones}, D. and {Guo}, Z. and {Chowdhury}, S. and {Sowicka}, P. and {Kahraman Ali{\c{c}}avu{\c{s}}}, F. and {Streamer}, M. and {Murphy}, S.~J. and {Gagliano}, R. and {Jacobs}, T.~L. and {Vanderburg}, A.},
        title = "{Tidally trapped pulsations in a close binary star system discovered by TESS}",
      journal = {Nature Astronomy},
     keywords = {Astrophysics - Solar and Stellar Astrophysics},
         year = 2020,
        month = mar,
       volume = {4},
        pages = {684-689},
          doi = {10.1038/s41550-020-1035-1},
archivePrefix = {arXiv},
       eprint = {2003.04071},
 primaryClass = {astro-ph.SR},
       adsurl = {https://ui.adsabs.harvard.edu/abs/2020NatAs...4..684H},
      adsnote = {Provided by the SAO/NASA Astrophysics Data System}
}




@ARTICLE{Jayasinghe:2021:MNRAS,
       author = {{Jayasinghe}, T. and {Stanek}, K.~Z. and {Thompson}, Todd A. and {Kochanek}, C.~S. and {Rowan}, D.~M. and {Vallely}, P.~J. and {Strassmeier}, K.~G. and {Weber}, M. and {Hinkle}, J.~T. and {Hambsch}, F. -J. and {Martin}, D.~V. and {Prieto}, J.~L. and {Pessi}, T. and {Huber}, D. and {Auchettl}, K. and {Lopez}, L.~A. and {Ilyin}, I. and {Badenes}, C. and {Howard}, A.~W. and {Isaacson}, H. and et al.},
        title = "{A unicorn in monoceros: the 3 M$_{{\ensuremath{\odot}}}$ dark companion to the bright, nearby red giant V723 Mon is a non-interacting, mass-gap black hole candidate}",
      journal = {\mnras},
     keywords = {binaries: spectroscopic, stars: black holes, stars: individual: V723 Mon, Astrophysics - Solar and Stellar Astrophysics, Astrophysics - High Energy Astrophysical Phenomena, General Relativity and Quantum Cosmology},
         year = 2021,
        month = jun,
       volume = {504},
       number = {2},
        pages = {2577-2602},
          doi = {10.1093/mnras/stab907},
archivePrefix = {arXiv},
       eprint = {2101.02212},
 primaryClass = {astro-ph.SR},
       adsurl = {https://ui.adsabs.harvard.edu/abs/2021MNRAS.504.2577J},
      adsnote = {Provided by the SAO/NASA Astrophysics Data System}
}

@ARTICLE{Rao:2021:MNRAS,
       author = {{Rao}, Sriram and {Mahabal}, Ashish and {Rao}, Niyanth and {Raghavendra}, Cauligi},
        title = "{Nigraha: Machine-learning-based pipeline to identify and evaluate planet candidates from TESS}",
      journal = {\mnras},
     keywords = {methods: data analysis, techniques: photometric, planets and satellites: detection, planetary systems, Astrophysics - Earth and Planetary Astrophysics, Astrophysics - Instrumentation and Methods for Astrophysics, Computer Science - Machine Learning},
         year = 2021,
        month = apr,
       volume = {502},
       number = {2},
        pages = {2845-2858},
          doi = {10.1093/mnras/stab203},
archivePrefix = {arXiv},
       eprint = {2101.09227},
 primaryClass = {astro-ph.EP},
       adsurl = {https://ui.adsabs.harvard.edu/abs/2021MNRAS.502.2845R},
      adsnote = {Provided by the SAO/NASA Astrophysics Data System}
}

@ARTICLE{Pavlenko:2021:KPCB,
       author = {{Pavlenko}, Ya. and {Shubina}, O. and {Kulyk}, I. and {Kuznyetsova}, Y. and {Zakhozhay}, O. and {Korsun}, P. and {Borysenko}, S. and {Krushevska}, V. and {Andreev}, M.},
        title = "{Exocometary Activity Around Stars at Different Evolutionary Stages: Current Issues}",
      journal = {Kinematics and Physics of Celestial Bodies},
     keywords = {comets, planetary systems, minor planets, eclipses, transits, planets, satellites},
         year = 2021,
        month = mar,
       volume = {37},
       number = {2},
        pages = {64-74},
          doi = {10.3103/S0884591321020057},
       adsurl = {https://ui.adsabs.harvard.edu/abs/2021KPCB...37...64P},
      adsnote = {Provided by the SAO/NASA Astrophysics Data System}
}

@ARTICLE{Vallely:2021:MNRAS,
       author = {{Vallely}, P.~J. and {Kochanek}, C.~S. and {Stanek}, K.~Z. and {Fausnaugh}, M. and {Shappee}, B.~J.},
        title = "{High-cadence, early-time observations of core-collapse supernovae from the TESS prime mission}",
      journal = {\mnras},
     keywords = {techniques: photometric, methods: observational, stars: massive, supernovae: general, transients: supernovae, Astrophysics - High Energy Astrophysical Phenomena},
         year = 2021,
        month = feb,
       volume = {500},
       number = {4},
        pages = {5639-5656},
          doi = {10.1093/mnras/staa3675},
archivePrefix = {arXiv},
       eprint = {2010.06596},
 primaryClass = {astro-ph.HE},
       adsurl = {https://ui.adsabs.harvard.edu/abs/2021MNRAS.500.5639V},
      adsnote = {Provided by the SAO/NASA Astrophysics Data System}
}

@ARTICLE{Woods:2021:PASP,
       author = {{Woods}, Deborah F. and {Ruprecht}, Jessica D. and {Kotson}, Michael C. and {Main}, Erin L. and {Evans}, Elizabeth W. and {Varey}, Jacob D. and {Vaillancourt}, John E. and {Viggh}, Herbert E.~M. and {Brown}, Joshua J. and {P{\'a}l}, Andr{\'a}s},
        title = "{Asteroid Observations from the Transiting Exoplanet Survey Satellite: Detection Processing Pipeline and Results from Primary Mission Data}",
      journal = {\pasp},
     keywords = {Solar system astronomy, Astronomy data analysis, Asteroids, Near-Earth objects, Astrometry, Astronomy software},
         year = 2021,
        month = jan,
       volume = {133},
       number = {1019},
          eid = {014503},
        pages = {014503},
          doi = {10.1088/1538-3873/abc761},
       adsurl = {https://ui.adsabs.harvard.edu/abs/2021PASP..133a4503W},
      adsnote = {Provided by the SAO/NASA Astrophysics Data System}
}

@INPROCEEDINGS{Guerrero:2021:AAS,
       author = {{Guerrero}, N. and {TESS Science Office}},
        title = "{TESS Objects of Interest Catalog in the TESS Prime Mission and Beyond}",
    booktitle = {American Astronomical Society Meeting Abstracts},
         year = 2021,
       series = {American Astronomical Society Meeting Abstracts},
       volume = {53},
        month = jan,
          eid = {117.01},
        pages = {117.01},
       adsurl = {https://ui.adsabs.harvard.edu/abs/2021AAS...23711701G},
      adsnote = {Provided by the SAO/NASA Astrophysics Data System}
}

@ARTICLE{Caldwell:2020:RNAAS,
       author = {{Caldwell}, Douglas A. and {Tenenbaum}, Peter and {Twicken}, Joseph D. and {Jenkins}, Jon M. and {Ting}, Eric and {Smith}, Jeffrey C. and {Hedges}, Christina and {Fausnaugh}, Michael M. and {Rose}, Mark and {Burke}, Christopher},
        title = "{TESS Science Processing Operations Center FFI Target List Products}",
      journal = {Research Notes of the American Astronomical Society},
     keywords = {Catalogs, CCD photometry, Stellar photometry, 205, 208, 1620, Astrophysics - Earth and Planetary Astrophysics, Astrophysics - Instrumentation and Methods for Astrophysics, Astrophysics - Solar and Stellar Astrophysics},
         year = 2020,
        month = nov,
       volume = {4},
       number = {11},
          eid = {201},
        pages = {201},
          doi = {10.3847/2515-5172/abc9b3},
archivePrefix = {arXiv},
       eprint = {2011.05495},
 primaryClass = {astro-ph.EP},
       adsurl = {https://ui.adsabs.harvard.edu/abs/2020RNAAS...4..201C},
      adsnote = {Provided by the SAO/NASA Astrophysics Data System}
}


@ARTICLE{Huang:2020:RNAAS,
       author = {{Huang}, Chelsea X. and {Vanderburg}, Andrew and {P{\'a}l}, Andras and {Sha}, Lizhou and {Yu}, Liang and {Fong}, Willie and {Fausnaugh}, Michael and {Shporer}, Avi and {Guerrero}, Natalia and {Vanderspek}, Roland and {Ricker}, George},
        title = "{Photometry of 10 Million Stars from the First Two Years of TESS Full Frame Images: Part I}",
      journal = {Research Notes of the American Astronomical Society},
     keywords = {Space observatories, Astronomy data analysis, 1543, 1858, Astrophysics - Earth and Planetary Astrophysics, Astrophysics - Instrumentation and Methods for Astrophysics, Astrophysics - Solar and Stellar Astrophysics},
         year = 2020,
        month = nov,
       volume = {4},
       number = {11},
          eid = {204},
        pages = {204},
          doi = {10.3847/2515-5172/abca2e},
archivePrefix = {arXiv},
       eprint = {2011.06459},
 primaryClass = {astro-ph.EP},
       adsurl = {https://ui.adsabs.harvard.edu/abs/2020RNAAS...4..204H},
      adsnote = {Provided by the SAO/NASA Astrophysics Data System}
}

@ARTICLE{Guo:2020:MNRAS,
       author = {{Guo}, Di-Fu and {Li}, Kai and {Gao}, Xing and {Gao}, Dong-Yang and {Xu}, Zhi-Jian and {Sun}, Guo-You and {Liu}, Fen and {Zhang}, Chang-Ming},
        title = "{Searching for eclipsing binaries in the area of RA: 02$^{h}$21$^{m}$36$^{s}$, Dec: +57$^{○}$11'32″}",
      journal = {\mnras},
     keywords = {stars: binaries: close, stars: binaries: eclipsing, stars: binaries: general, stars: evolution},
         year = 2020,
        month = sep,
       volume = {497},
       number = {3},
        pages = {3381-3392},
          doi = {10.1093/mnras/staa2170},
       adsurl = {https://ui.adsabs.harvard.edu/abs/2020MNRAS.497.3381G},
      adsnote = {Provided by the SAO/NASA Astrophysics Data System}
}

@MISC{Jenkins:2020:ksci,
       author = {{Jenkins}, Jon M. and {et al.}},
        title = "{Kepler Science Document KSCI-19081-003}",
 howpublished = {Kepler Science Document KSCI-19081-003, Edited by Jon M. Jenkins.},
         year = 2020,
        month = mar,
       adsurl = {https://ui.adsabs.harvard.edu/abs/2020ksci.rept.....J},
      adsnote = {Provided by the SAO/NASA Astrophysics Data System}
}


@ARTICLE{Kuznyetsova:2020:OAP,
       author = {{Kuznyetsova}, Y. and {Pavlenko}, Ya. and {Kulyk}, I. and {Zakhozhay}, O. and {Korsun}, P. and {Borysenko}, S. and {Krushevska}, V. and {Shubina}, O. and {Andreev}, M.},
        title = "{Singatures of Exocomet Activity Around Stars at Different Evolutionary Stages}",
      journal = {Odessa Astronomical Publications},
     keywords = {extrasolar planetary systems, exocomets},
         year = 2020,
        month = jan,
       volume = {33},
        pages = {133},
          doi = {10.18524/1810-4215.2020.33.216436},
       adsurl = {https://ui.adsabs.harvard.edu/abs/2020OAP....33..133K},
      adsnote = {Provided by the SAO/NASA Astrophysics Data System}
}

@ARTICLE{Farnham:2019:ApJL,
       author = {{Farnham}, Tony L. and {Kelley}, Michael S.~P. and {Knight}, Matthew M. and {Feaga}, Lori M.},
        title = "{First Results from TESS Observations of Comet 46P/Wirtanen}",
      journal = {\apjl},
     keywords = {Comets, Short period comets, 280, 1452, Astrophysics - Earth and Planetary Astrophysics},
         year = 2019,
        month = dec,
       volume = {886},
       number = {2},
          eid = {L24},
        pages = {L24},
          doi = {10.3847/2041-8213/ab564d},
archivePrefix = {arXiv},
       eprint = {1911.08318},
 primaryClass = {astro-ph.EP},
       adsurl = {https://ui.adsabs.harvard.edu/abs/2019ApJ...886L..24F},
      adsnote = {Provided by the SAO/NASA Astrophysics Data System}
}

@ARTICLE{Antoci:2019:MNRAS,
       author = {{Antoci}, V. and {Cunha}, M.~S. and {Bowman}, D.~M. and {Murphy}, S.~J. and {Kurtz}, D.~W. and {Bedding}, T.~R. and {Borre}, C.~C. and {Christophe}, S. and {Daszy{\'n}ska-Daszkiewicz}, J. and {Fox-Machado}, L. and {Garc{\'\i}a Hern{\'a}ndez}, A. and {Ghasemi}, H. and {Handberg}, R. and {Hansen}, H. and {Hasanzadeh}, A. and {Houdek}, G. and {Johnston}, C. and {Justesen}, A.~B. and {Kahraman Alicavus}, F. and {Kotysz}, K. and et al.},
        title = "{The first view of {\ensuremath{\delta}} Scuti and {\ensuremath{\gamma}} Doradus stars with the TESS mission}",
      journal = {\mnras},
     keywords = {asteroseismology, techniques: photometric, stars: chemically peculiar, stars: interiors, stars: variables: {\ensuremath{\delta}} Scuti, Astrophysics - Solar and Stellar Astrophysics},
         year = 2019,
        month = dec,
       volume = {490},
       number = {3},
        pages = {4040-4059},
          doi = {10.1093/mnras/stz2787},
archivePrefix = {arXiv},
       eprint = {1909.12018},
 primaryClass = {astro-ph.SR},
       adsurl = {https://ui.adsabs.harvard.edu/abs/2019MNRAS.490.4040A},
      adsnote = {Provided by the SAO/NASA Astrophysics Data System}
}

@ARTICLE{Holoien:2019:ApJ,
       author = {{Holoien}, Thomas W. -S. and {Vallely}, Patrick J. and {Auchettl}, Katie and {Stanek}, K.~Z. and {Kochanek}, Christopher S. and {French}, K. Decker and {Prieto}, Jose L. and {Shappee}, Benjamin J. and {Brown}, Jonathan S. and {Fausnaugh}, Michael M. and {Dong}, Subo and {Thompson}, Todd A. and {Bose}, Subhash and {Neustadt}, Jack M.~M. and {Cacella}, P. and {Brimacombe}, J. and {Kendurkar}, Malhar R. and {Beaton}, Rachael L. and {Boutsia}, Konstantina and {Chomiuk}, Laura and et al.},
        title = "{Discovery and Early Evolution of ASASSN-19bt, the First TDE Detected by TESS}",
      journal = {\apj},
     keywords = {accretion, accretion disks, black hole physics, galaxies: nuclei, Astrophysics - High Energy Astrophysical Phenomena},
         year = 2019,
        month = oct,
       volume = {883},
       number = {2},
          eid = {111},
        pages = {111},
          doi = {10.3847/1538-4357/ab3c66},
archivePrefix = {arXiv},
       eprint = {1904.09293},
 primaryClass = {astro-ph.HE},
       adsurl = {https://ui.adsabs.harvard.edu/abs/2019ApJ...883..111H},
      adsnote = {Provided by the SAO/NASA Astrophysics Data System}
}

@ARTICLE{Stassun:2019:AJ,
       author = {{Stassun}, Keivan G. and {Oelkers}, Ryan J. and {Paegert}, Martin and {Torres}, Guillermo and {Pepper}, Joshua and {De Lee}, Nathan and {Collins}, Kevin and {Latham}, David W. and {Muirhead}, Philip S. and {Chittidi}, Jay and {Rojas-Ayala}, B{\'a}rbara and {Fleming}, Scott W. and {Rose}, Mark E. and {Tenenbaum}, Peter and {Ting}, Eric B. and {Kane}, Stephen R. and {Barclay}, Thomas and {Bean}, Jacob L. and {Brassuer}, C.~E. and {Charbonneau}, David and et al.},
        title = "{The Revised TESS Input Catalog and Candidate Target List}",
      journal = {\aj},
     keywords = {stars: fundamental parameters, Astrophysics - Solar and Stellar Astrophysics, Astrophysics - Earth and Planetary Astrophysics},
         year = 2019,
        month = oct,
       volume = {158},
       number = {4},
          eid = {138},
        pages = {138},
          doi = {10.3847/1538-3881/ab3467},
archivePrefix = {arXiv},
       eprint = {1905.10694},
 primaryClass = {astro-ph.SR},
       adsurl = {https://ui.adsabs.harvard.edu/abs/2019AJ....158..138S},
      adsnote = {Provided by the SAO/NASA Astrophysics Data System}
}

@ARTICLE{Feinstein:2019:PASP,
       author = {{Feinstein}, Adina D. and {Montet}, Benjamin T. and {Foreman-Mackey}, Daniel and {Bedell}, Megan E. and {Saunders}, Nicholas and {Bean}, Jacob L. and {Christiansen}, Jessie L. and {Hedges}, Christina and {Luger}, Rodrigo and {Scolnic}, Daniel and {Cardoso}, Jos{\'e} Vin{\'\i}cius de Miranda},
        title = "{eleanor: An Open-source Tool for Extracting Light Curves from the TESS Full-frame Images}",
      journal = {\pasp},
     keywords = {Astrophysics - Instrumentation and Methods for Astrophysics, Astrophysics - Earth and Planetary Astrophysics, Astrophysics - Solar and Stellar Astrophysics},
         year = 2019,
        month = sep,
       volume = {131},
       number = {1003},
        pages = {094502},
          doi = {10.1088/1538-3873/ab291c},
archivePrefix = {arXiv},
       eprint = {1903.09152},
 primaryClass = {astro-ph.IM},
       adsurl = {https://ui.adsabs.harvard.edu/abs/2019PASP..131i4502F},
      adsnote = {Provided by the SAO/NASA Astrophysics Data System}
}

@INPROCEEDINGS{Jenkins:2019:ESS,
       author = {{Jenkins}, Jon Michael},
        title = "{TESS Science Processing Operations Center Pipeline and Data Products}",
    booktitle = {AAS/Division for Extreme Solar Systems Abstracts},
         year = 2019,
       series = {AAS/Division for Extreme Solar Systems Abstracts},
       volume = {51},
        month = aug,
          eid = {302.02},
        pages = {302.02},
       adsurl = {https://ui.adsabs.harvard.edu/abs/2019ESS.....430202J},
      adsnote = {Provided by the SAO/NASA Astrophysics Data System}
}

@ARTICLE{Zieba:2019:A&A,
       author = {{Zieba}, S. and {Zwintz}, K. and {Kenworthy}, M.~A. and {Kennedy}, G.~M.},
        title = "{Transiting exocomets detected in broadband light by TESS in the {\ensuremath{\beta}} Pictoris system}",
      journal = {\aap},
     keywords = {comets: general, planetary systems, stars: individual: {\ensuremath{\beta}} Pictoris, techniques: photometric, circumstellar matter, Astrophysics - Solar and Stellar Astrophysics, Astrophysics - Earth and Planetary Astrophysics},
         year = 2019,
        month = may,
       volume = {625},
          eid = {L13},
        pages = {L13},
          doi = {10.1051/0004-6361/201935552},
archivePrefix = {arXiv},
       eprint = {1903.11071},
 primaryClass = {astro-ph.SR},
       adsurl = {https://ui.adsabs.harvard.edu/abs/2019A&A...625L..13Z},
      adsnote = {Provided by the SAO/NASA Astrophysics Data System}
}

@ARTICLE{Jayasinghe:2019:MNRAS,
       author = {{Jayasinghe}, T. and {Stanek}, K.~Z. and {Kochanek}, C.~S. and {Shappee}, B.~J. and {Holoien}, T.~W. -S. and {Thompson}, Todd A. and {Prieto}, J.~L. and {Dong}, Subo and {Pawlak}, M. and {Pejcha}, O. and {Shields}, J.~V. and {Pojmanski}, G. and {Otero}, S. and {Hurst}, N. and {Britt}, C.~A. and {Will}, D.},
        title = "{The ASAS-SN catalogue of variable stars III: variables in the southern TESS continuous viewing zone}",
      journal = {\mnras},
     keywords = {catalogues, surveys, binaries: eclipsing, Astrophysics - Solar and Stellar Astrophysics},
         year = 2019,
        month = may,
       volume = {485},
       number = {1},
        pages = {961-971},
          doi = {10.1093/mnras/stz444},
archivePrefix = {arXiv},
       eprint = {1901.00009},
 primaryClass = {astro-ph.SR},
       adsurl = {https://ui.adsabs.harvard.edu/abs/2019MNRAS.485..961J},
      adsnote = {Provided by the SAO/NASA Astrophysics Data System}
}

@ARTICLE{Li:2019:PASP,
       author = {{Li}, Jie and {Tenenbaum}, Peter and {Twicken}, Joseph D. and {Burke}, Christopher J. and {Jenkins}, Jon M. and {Quintana}, Elisa V. and {Rowe}, Jason F. and {Seader}, Shawn E.},
        title = "{Kepler Data Validation II-Transit Model Fitting and Multiple-planet Search}",
      journal = {\pasp},
     keywords = {Astrophysics - Instrumentation and Methods for Astrophysics, Astrophysics - Earth and Planetary Astrophysics},
         year = 2019,
        month = feb,
       volume = {131},
       number = {996},
        pages = {024506},
          doi = {10.1088/1538-3873/aaf44d},
archivePrefix = {arXiv},
       eprint = {1812.00103},
 primaryClass = {astro-ph.IM},
       adsurl = {https://ui.adsabs.harvard.edu/abs/2019PASP..131b4506L},
      adsnote = {Provided by the SAO/NASA Astrophysics Data System}
}

@ARTICLE{Winn:2015:ARAA,
       author = {{Winn}, Joshua N. and {Fabrycky}, Daniel C.},
        title = "{The Occurrence and Architecture of Exoplanetary Systems}",
      journal = {\araa},
     keywords = {Astrophysics - Earth and Planetary Astrophysics},
         year = 2015,
        month = aug,
       volume = {53},
        pages = {409-447},
          doi = {10.1146/annurev-astro-082214-122246},
archivePrefix = {arXiv},
       eprint = {1410.4199},
 primaryClass = {astro-ph.EP},
       adsurl = {https://ui.adsabs.harvard.edu/abs/2015ARA&A..53..409W},
      adsnote = {Provided by the SAO/NASA Astrophysics Data System}
}



@ARTICLE{Sing:2016:Natur,
       author = {{Sing}, David K. and {Fortney}, Jonathan J. and {Nikolov}, Nikolay and {Wakeford}, Hannah R. and {Kataria}, Tiffany and {Evans}, Thomas M. and {Aigrain}, Suzanne and {Ballester}, Gilda E. and {Burrows}, Adam S. and {Deming}, Drake and {D{\'e}sert}, Jean-Michel and {Gibson}, Neale P. and {Henry}, Gregory W. and {Huitson}, Catherine M. and {Knutson}, Heather A. and {Lecavelier Des Etangs}, Alain and {Pont}, Frederic and {Showman}, Adam P. and {Vidal-Madjar}, Alfred and {Williamson}, Michael H. and et al.},
        title = "{A continuum from clear to cloudy hot-Jupiter exoplanets without primordial water depletion}",
      journal = {\nat},
     keywords = {Astrophysics - Earth and Planetary Astrophysics},
         year = 2016,
        month = jan,
       volume = {529},
       number = {7584},
        pages = {59-62},
          doi = {10.1038/nature16068},
archivePrefix = {arXiv},
       eprint = {1512.04341},
 primaryClass = {astro-ph.EP},
       adsurl = {https://ui.adsabs.harvard.edu/abs/2016Natur.529...59S},
      adsnote = {Provided by the SAO/NASA Astrophysics Data System}
}



@ARTICLE{Zhu:2021:ARAA,
       author = {{Zhu}, Wei and {Dong}, Subo},
        title = "{Exoplanet Statistics and Theoretical Implications}",
      journal = {\araa},
     keywords = {Astrophysics - Earth and Planetary Astrophysics},
         year = 2021,
        month = sep,
       volume = {59},
        pages = {291-336},
          doi = {10.1146/annurev-astro-112420-020055},
archivePrefix = {arXiv},
       eprint = {2103.02127},
 primaryClass = {astro-ph.EP},
       adsurl = {https://ui.adsabs.harvard.edu/abs/2021ARA&A..59..291Z},
      adsnote = {Provided by the SAO/NASA Astrophysics Data System}
}



@ARTICLE{Emsenhuber:2021:AA,
       author = {{Emsenhuber}, Alexandre and {Mordasini}, Christoph and {Burn}, Remo and {Alibert}, Yann and {Benz}, Willy and {Asphaug}, Erik},
        title = "{The New Generation Planetary Population Synthesis (NGPPS). II. Planetary population of solar-like stars and overview of statistical results}",
      journal = {\aap},
     keywords = {planets and satellites: formation, planet-disk interactions, protoplanetary disks, methods: numerical, Astrophysics - Earth and Planetary Astrophysics, Astrophysics - Solar and Stellar Astrophysics},
         year = 2021,
        month = dec,
       volume = {656},
          eid = {A70},
        pages = {A70},
          doi = {10.1051/0004-6361/202038863},
archivePrefix = {arXiv},
       eprint = {2007.05562},
 primaryClass = {astro-ph.EP},
       adsurl = {https://ui.adsabs.harvard.edu/abs/2021A&A...656A..70E},
      adsnote = {Provided by the SAO/NASA Astrophysics Data System}
}



@ARTICLE{Gillon:2017:Natur,
       author = {{Gillon}, Micha{\"e}l and {Triaud}, Amaury H.~M.~J. and {Demory}, Brice-Olivier and {Jehin}, Emmanu{\"e}l and {Agol}, Eric and {Deck}, Katherine M. and {Lederer}, Susan M. and {de Wit}, Julien and {Burdanov}, Artem and {Ingalls}, James G. and {Bolmont}, Emeline and {Leconte}, Jeremy and {Raymond}, Sean N. and {Selsis}, Franck and {Turbet}, Martin and {Barkaoui}, Khalid and {Burgasser}, Adam and {Burleigh}, Matthew R. and {Carey}, Sean J. and {Chaushev}, Aleksander and et al.},
        title = "{Seven temperate terrestrial planets around the nearby ultracool dwarf star TRAPPIST-1}",
      journal = {\nat},
     keywords = {Astrophysics - Earth and Planetary Astrophysics},
         year = 2017,
        month = feb,
       volume = {542},
       number = {7642},
        pages = {456-460},
          doi = {10.1038/nature21360},
archivePrefix = {arXiv},
       eprint = {1703.01424},
 primaryClass = {astro-ph.EP},
       adsurl = {https://ui.adsabs.harvard.edu/abs/2017Natur.542..456G},
      adsnote = {Provided by the SAO/NASA Astrophysics Data System}
}




@ARTICLE{Agol:2021:PSJ,
       author = {{Agol}, Eric and {Dorn}, Caroline and {Grimm}, Simon L. and {Turbet}, Martin and {Ducrot}, Elsa and {Delrez}, Laetitia and {Gillon}, Micha{\"e}l and {Demory}, Brice-Olivier and {Burdanov}, Artem and {Barkaoui}, Khalid and {Benkhaldoun}, Zouhair and {Bolmont}, Emeline and {Burgasser}, Adam and {Carey}, Sean and {de Wit}, Julien and {Fabrycky}, Daniel and {Foreman-Mackey}, Daniel and {Haldemann}, Jonas and {Hernandez}, David M. and {Ingalls}, James and et al.},
        title = "{Refining the Transit-timing and Photometric Analysis of TRAPPIST-1: Masses, Radii, Densities, Dynamics, and Ephemerides}",
      journal = {\psj},
     keywords = {Extrasolar rocky planets, Exoplanet dynamics, Infrared photometry, Habitable planets, Transit timing variation method, Transit photometry, Exoplanet astronomy, Planetary interior, Fundamental parameters of stars, Markov chain Monte Carlo, N-body simulations, Few-body systems, 511, 490, 792, 695, 1710, 1709, 486, 1248, 555, 1889, 1083, 531, Astrophysics - Earth and Planetary Astrophysics},
         year = 2021,
        month = feb,
       volume = {2},
       number = {1},
          eid = {1},
        pages = {1},
          doi = {10.3847/PSJ/abd022},
archivePrefix = {arXiv},
       eprint = {2010.01074},
 primaryClass = {astro-ph.EP},
       adsurl = {https://ui.adsabs.harvard.edu/abs/2021PSJ.....2....1A},
      adsnote = {Provided by the SAO/NASA Astrophysics Data System}
}



@ARTICLE{Zechmeister:2019:AA,
       author = {{Zechmeister}, M. and {Dreizler}, S. and {Ribas}, I. and {Reiners}, A. and {Caballero}, J.~A. and {Bauer}, F.~F. and {B{\'e}jar}, V.~J.~S. and {Gonz{\'a}lez-Cuesta}, L. and {Herrero}, E. and {Lalitha}, S. and {L{\'o}pez-Gonz{\'a}lez}, M.~J. and {Luque}, R. and {Morales}, J.~C. and {Pall{\'e}}, E. and {Rodr{\'\i}guez}, E. and {Rodr{\'\i}guez L{\'o}pez}, C. and {Tal-Or}, L. and {Anglada-Escud{\'e}}, G. and {Quirrenbach}, A. and {Amado}, P.~J. and et al.},
        title = "{The CARMENES search for exoplanets around M dwarfs. Two temperate Earth-mass planet candidates around Teegarden's Star}",
      journal = {\aap},
     keywords = {methods: data analysis, planetary systems, stars: late-type, stars: individual: Teegarden's Star, Astrophysics - Earth and Planetary Astrophysics},
         year = 2019,
        month = jul,
       volume = {627},
          eid = {A49},
        pages = {A49},
          doi = {10.1051/0004-6361/201935460},
archivePrefix = {arXiv},
       eprint = {1906.07196},
 primaryClass = {astro-ph.EP},
       adsurl = {https://ui.adsabs.harvard.edu/abs/2019A&A...627A..49Z},
      adsnote = {Provided by the SAO/NASA Astrophysics Data System}
}



@ARTICLE{Wolf:2017:ApJL,
       author = {{Wolf}, Eric T.},
        title = "{Assessing the Habitability of the TRAPPIST-1 System Using a 3D Climate Model}",
      journal = {\apjl},
     keywords = {astrobiology, planets and satellites: atmospheres, planets and satellites: terrestrial planets, Astrophysics - Earth and Planetary Astrophysics},
         year = 2017,
        month = apr,
       volume = {839},
       number = {1},
          eid = {L1},
        pages = {L1},
          doi = {10.3847/2041-8213/aa693a},
archivePrefix = {arXiv},
       eprint = {1703.05815},
 primaryClass = {astro-ph.EP},
       adsurl = {https://ui.adsabs.harvard.edu/abs/2017ApJ...839L...1W},
      adsnote = {Provided by the SAO/NASA Astrophysics Data System}
}





@ARTICLE{Stassun:2018:AJ,
       author = {{Stassun}, Keivan G. and {Oelkers}, Ryan J. and {Pepper}, Joshua and {Paegert}, Martin and {De Lee}, Nathan and {Torres}, Guillermo and {Latham}, David W. and {Charpinet}, St{\'e}phane and {Dressing}, Courtney D. and {Huber}, Daniel and {Kane}, Stephen R. and {L{\'e}pine}, S{\'e}bastien and {Mann}, Andrew and {Muirhead}, Philip S. and {Rojas-Ayala}, B{\'a}rbara and {Silvotti}, Roberto and {Fleming}, Scott W. and {Levine}, Al and {Plavchan}, Peter},
        title = "{The TESS Input Catalog and Candidate Target List}",
      journal = {\aj},
     keywords = {stars: fundamental parameters, Astrophysics - Earth and Planetary Astrophysics, Astrophysics - Solar and Stellar Astrophysics},
         year = 2018,
        month = sep,
       volume = {156},
       number = {3},
          eid = {102},
        pages = {102},
          doi = {10.3847/1538-3881/aad050},
archivePrefix = {arXiv},
       eprint = {1706.00495},
 primaryClass = {astro-ph.EP},
       adsurl = {https://ui.adsabs.harvard.edu/abs/2018AJ....156..102S},
      adsnote = {Provided by the SAO/NASA Astrophysics Data System}
}

@INPROCEEDINGS{Jenkins:2018:AAS,
       author = {{Jenkins}, Jon Michael and {Caldwell}, Douglas A. and {Davies}, Misty and {Li}, Jie and {Morris}, Robert L. and {Rose}, Mark and {Smith}, Jeffrey C. and {Tenenbaum}, Peter and {Ting}, Eric and {Twicken}, Joseph D. and {Wohler}, Bill},
        title = "{Status of the TESS Science Processing Operations Center}",
    booktitle = {American Astronomical Society Meeting Abstracts \#232},
         year = 2018,
       series = {American Astronomical Society Meeting Abstracts},
       volume = {232},
        month = jun,
          eid = {120.06},
        pages = {120.06},
       adsurl = {https://ui.adsabs.harvard.edu/abs/2018AAS...23212006J},
      adsnote = {Provided by the SAO/NASA Astrophysics Data System}
}


@INPROCEEDINGS{Jenkins:2015:ESS,
       author = {{Jenkins}, Jon Michael},
        title = "{Overview of the TESS Science Pipeline}",
    booktitle = {AAS/Division for Extreme Solar Systems Abstracts},
         year = 2015,
       series = {AAS/Division for Extreme Solar Systems Abstracts},
       volume = {47},
        month = dec,
          eid = {106.05},
        pages = {106.05},
       adsurl = {https://ui.adsabs.harvard.edu/abs/2015ESS.....310605J},
      adsnote = {Provided by the SAO/NASA Astrophysics Data System}
}

@ARTICLE{Ricker:2015:JATIS,
       author = {{Ricker}, George R. and {Winn}, Joshua N. and {Vanderspek}, Roland and {Latham}, David W. and {Bakos}, G{\'a}sp{\'a}r {\'A}. and {Bean}, Jacob L. and {Berta-Thompson}, Zachory K. and {Brown}, Timothy M. and {Buchhave}, Lars and {Butler}, Nathaniel R. and {Butler}, R. Paul and {Chaplin}, William J. and {Charbonneau}, David and {Christensen-Dalsgaard}, J{\o}rgen and {Clampin}, Mark and {Deming}, Drake and {Doty}, John and {De Lee}, Nathan and {Dressing}, Courtney and {Dunham}, Edward W. and et al.},
        title = "{Transiting Exoplanet Survey Satellite (TESS)}",
      journal = {Journal of Astronomical Telescopes, Instruments, and Systems},
         year = 2015,
        month = jan,
       volume = {1},
          eid = {014003},
        pages = {014003},
          doi = {10.1117/1.JATIS.1.1.014003},
       adsurl = {https://ui.adsabs.harvard.edu/abs/2015JATIS...1a4003R},
      adsnote = {Provided by the SAO/NASA Astrophysics Data System}
}


@MISC{Salvatier:2016:ascl,
       author = {{Salvatier}, John and {Wiecki}, Thomas V. and {Fonnesbeck}, Christopher},
        title = "{PyMC3: Python probabilistic programming framework}",
     keywords = {Software},
 howpublished = {Astrophysics Source Code Library, record ascl:1610.016},
         year = 2016,
        month = oct,
          eid = {ascl:1610.016},
        pages = {ascl:1610.016},
archivePrefix = {ascl},
       eprint = {1610.016},
       adsurl = {https://ui.adsabs.harvard.edu/abs/2016ascl.soft10016S},
      adsnote = {Provided by the SAO/NASA Astrophysics Data System}
}


@ARTICLE{Betancourt:2017:arXiv,
       author = {{Betancourt}, Michael},
        title = "{A Conceptual Introduction to Hamiltonian Monte Carlo}",
      journal = {arXiv e-prints},
     keywords = {Statistics - Methodology},
         year = 2017,
        month = jan,
          eid = {arXiv:1701.02434},
        pages = {arXiv:1701.02434},
archivePrefix = {arXiv},
       eprint = {1701.02434},
 primaryClass = {stat.ME},
       adsurl = {https://ui.adsabs.harvard.edu/abs/2017arXiv170102434B},
      adsnote = {Provided by the SAO/NASA Astrophysics Data System}
}



@ARTICLE{Hoffman:2011:arXiv,
       author = {{Hoffman}, Matthew D. and {Gelman}, Andrew},
        title = "{The No-U-Turn Sampler: Adaptively Setting Path Lengths in Hamiltonian Monte Carlo}",
      journal = {arXiv e-prints},
     keywords = {Statistics - Computation, Computer Science - Machine Learning},
         year = 2011,
        month = nov,
          eid = {arXiv:1111.4246},
        pages = {arXiv:1111.4246},
archivePrefix = {arXiv},
       eprint = {1111.4246},
 primaryClass = {stat.CO},
       adsurl = {https://ui.adsabs.harvard.edu/abs/2011arXiv1111.4246H},
      adsnote = {Provided by the SAO/NASA Astrophysics Data System}
}

@ARTICLE{Fulton:2017:AJ,
       author = {{Fulton}, Benjamin J. and {Petigura}, Erik A. and {Howard}, Andrew W. and {Isaacson}, Howard and {Marcy}, Geoffrey W. and {Cargile}, Phillip A. and {Hebb}, Leslie and {Weiss}, Lauren M. and {Johnson}, John Asher and {Morton}, Timothy D. and {Sinukoff}, Evan and {Crossfield}, Ian J.~M. and {Hirsch}, Lea A.},
        title = "{The California-Kepler Survey. III. A Gap in the Radius Distribution of Small Planets}",
      journal = {\aj},
     keywords = {planetary systems, Astrophysics - Earth and Planetary Astrophysics},
         year = 2017,
        month = sep,
       volume = {154},
       number = {3},
          eid = {109},
        pages = {109},
          doi = {10.3847/1538-3881/aa80eb},
archivePrefix = {arXiv},
       eprint = {1703.10375},
 primaryClass = {astro-ph.EP},
       adsurl = {https://ui.adsabs.harvard.edu/abs/2017AJ....154..109F},
      adsnote = {Provided by the SAO/NASA Astrophysics Data System}
}




@ARTICLE{Winn:2010:arXiv,
       author = {{Winn}, Joshua N.},
        title = "{Transits and Occultations}",
      journal = {arXiv e-prints},
     keywords = {Astrophysics - Earth and Planetary Astrophysics},
         year = 2010,
        month = jan,
          eid = {arXiv:1001.2010},
        pages = {arXiv:1001.2010},
archivePrefix = {arXiv},
       eprint = {1001.2010},
 primaryClass = {astro-ph.EP},
       adsurl = {https://ui.adsabs.harvard.edu/abs/2010arXiv1001.2010W},
      adsnote = {Provided by the SAO/NASA Astrophysics Data System}
}




@ARTICLE{Kipping:2012:MNRAS,
       author = {{Kipping}, David M. and {Dunn}, William R. and {Jasinski}, Jamie M. and {Manthri}, Varun P.},
        title = "{A novel method to photometrically constrain orbital eccentricities: Multibody Asterodensity Profiling}",
      journal = {\mnras},
     keywords = {methods: numerical, techniques: photometric, eclipses, planets and satellites: general, planetary systems, Astrophysics - Earth and Planetary Astrophysics},
         year = 2012,
        month = apr,
       volume = {421},
       number = {2},
        pages = {1166-1188},
          doi = {10.1111/j.1365-2966.2011.20376.x},
archivePrefix = {arXiv},
       eprint = {1112.2700},
 primaryClass = {astro-ph.EP},
       adsurl = {https://ui.adsabs.harvard.edu/abs/2012MNRAS.421.1166K},
      adsnote = {Provided by the SAO/NASA Astrophysics Data System}
}



@ARTICLE{Kipping:2013:MNRAS,
       author = {{Kipping}, David M.},
        title = "{Efficient, uninformative sampling of limb darkening coefficients for two-parameter laws}",
      journal = {\mnras},
     keywords = {methods: analytical, stars: atmospheres, Astrophysics - Solar and Stellar Astrophysics, Astrophysics - Earth and Planetary Astrophysics},
         year = 2013,
        month = nov,
       volume = {435},
       number = {3},
        pages = {2152-2160},
          doi = {10.1093/mnras/stt1435},
archivePrefix = {arXiv},
       eprint = {1308.0009},
 primaryClass = {astro-ph.SR},
       adsurl = {https://ui.adsabs.harvard.edu/abs/2013MNRAS.435.2152K},
      adsnote = {Provided by the SAO/NASA Astrophysics Data System}
}




@software{pandas,
  author       = {Jeff Reback and
                  Wes McKinney and
                  jbrockmendel and
                  Joris Van den Bossche and
                  Tom Augspurger and
                  Phillip Cloud and
                  gfyoung and
                  Sinhrks and
                  Adam Klein and
                  Matthew Roeschke and
                  Simon Hawkins and
                  Jeff Tratner and
                  Chang She and
                  William Ayd and
                  Terji Petersen and
                  Marc Garcia and
                  Jeremy Schendel and
                  Andy Hayden and
                  MomIsBestFriend and
                  Vytautas Jancauskas and
                  Pietro Battiston and
                  Skipper Seabold and
                  chris-b1 and
                  h-vetinari and
                  Stephan Hoyer and
                  Wouter Overmeire and
                  alimcmaster1 and
                  Kaiqi Dong and
                  Christopher Whelan and
                  Mortada Mehyar},
  title        = {pandas-dev/pandas: Pandas 1.0.2},
  month        = mar,
  year         = 2020,
  publisher    = {Zenodo},
  version      = {v1.0.2},
  doi          = {10.5281/zenodo.3708035},
  url          = {https://doi.org/10.5281/zenodo.3708035}
}




@ARTICLE{pythonForScientificComputing,
  author={Oliphant, Travis E.},
  journal={Computing in Science   Engineering}, 
  title={Python for Scientific Computing}, 
  year={2007},
  volume={9},
  number={3},
  pages={10-20},
  doi={10.1109/MCSE.2007.58}}

@ARTICLE{pythonForScientists,
  author={Millman, K. Jarrod and Aivazis, Michael},
  journal={Computing in Science   Engineering}, 
  title={Python for Scientists and Engineers}, 
  year={2011},
  volume={13},
  number={2},
  pages={9-12},
  doi={10.1109/MCSE.2011.36}}

@article{sphinx_doc,
  title={Sphinx documentation},
  author={Brandl, Georg},
  journal={URL http://sphinx-doc. org/sphinx. pdf},
  year={2021}
}

@article{arviz_2019,
  doi = {10.21105/joss.01143},
  url = {https://doi.org/10.21105/joss.01143},
  year = {2019},
  publisher = {The Open Journal},
  volume = {4},
  number = {33},
  pages = {1143},
  author = {Ravin Kumar and Colin Carroll and Ari Hartikainen and Osvaldo Martin},
  title = {ArviZ a unified library for exploratory analysis of Bayesian models in Python},
  journal = {Journal of Open Source Software}
}

@article{astropy,
  title={The Astropy Project: Building an open-science project and status of the v2. 0 core package},
  author={Price-Whelan, Adrian M and Sip{\H{o}}cz, BM and G{\"u}nther, HM and Lim, PL and Crawford, SM and Conseil, S and Shupe, DL and Craig, MW and Dencheva, N and Ginsburg, A and others},
  journal={The Astronomical Journal},
  volume={156},
  number={3},
  pages={123},
  year={2018},
  publisher={IOP Publishing}
}

@Article{numpy,
 title         = {Array programming with {NumPy}},
 author        = {Charles R. Harris and K. Jarrod Millman and St{\'{e}}fan J.
                 van der Walt and Ralf Gommers and Pauli Virtanen and David
                 Cournapeau and Eric Wieser and Julian Taylor and Sebastian
                 Berg and Nathaniel J. Smith and Robert Kern and Matti Picus
                 and Stephan Hoyer and Marten H. van Kerkwijk and Matthew
                 Brett and Allan Haldane and Jaime Fern{\'{a}}ndez del
                 R{\'{i}}o and Mark Wiebe and Pearu Peterson and Pierre
                 G{\'{e}}rard-Marchant and Kevin Sheppard and Tyler Reddy and
                 Warren Weckesser and Hameer Abbasi and Christoph Gohlke and
                 Travis E. Oliphant},
 year          = {2020},
 month         = sep,
 journal       = {Nature},
 volume        = {585},
 number        = {7825},
 pages         = {357--362},
 doi           = {10.1038/s41586-020-2649-2},
 publisher     = {Springer Science and Business Media {LLC}},
 url           = {https://doi.org/10.1038/s41586-020-2649-2}
}


@conference{jupyter,
    Title = {Jupyter Notebooks -- a publishing format for reproducible computational workflows},
    Author = {Thomas Kluyver and Benjamin Ragan-Kelley and Fernando P{\'e}rez and Brian Granger and Matthias Bussonnier and Jonathan Frederic and Kyle Kelley and Jessica Hamrick and Jason Grout and Sylvain Corlay and Paul Ivanov and Dami{\'a}n Avila and Safia Abdalla and Carol Willing},
    Booktitle = {Positioning and Power in Academic Publishing: Players, Agents and Agendas},
    Editor = {F. Loizides and B. Schmidt},
    Organization = {IOS Press},
    Pages = {87 - 90},
    Year = {2016}
}



@software{jupyter_book,
  author       = {{Executable Books Community}},
  title        = {Jupyter Book},
  month        = feb,
  year         = 2020,
  publisher    = {Zenodo},
  version      = {v0.10},
  doi          = {10.5281/zenodo.4539666},
  url          = {https://doi.org/10.5281/zenodo.4539666}
}

@article{corner,
  doi = {10.21105/joss.00024},
  url = {https://doi.org/10.21105/joss.00024},
  year  = {2016},
  month = {jun},
  publisher = {The Open Journal},
  volume = {1},
  number = {2},
  pages = {24},
  author = {Daniel Foreman-Mackey},
  title = {corner.py: Scatterplot matrices in Python},
  journal = {The Journal of Open Source Software}
}

@ARTICLE{SciPy,
  author  = {Virtanen, Pauli and Gommers, Ralf and Oliphant, Travis E. and Haberland, Matt and Reddy, Tyler and Cournapeau, David and Burovski, Evgeni and Peterson, Pearu and Weckesser, Warren and Bright, Jonathan and {van der Walt}, St{\'e}fan J. and Brett, Matthew and Wilson, Joshua and Millman, K. Jarrod and Mayorov, Nikolay and Nelson, Andrew R. J. and Jones, Eric and Kern, Robert and Larson, Eric and Carey, C J and Polat, {\.I}lhan and Feng, Yu and Moore, Eric W. and {VanderPlas}, Jake and Laxalde, Denis and Perktold, Josef and Cimrman, Robert and Henriksen, Ian and Quintero, E. A. and Harris, Charles R. and Archibald, Anne M. and Ribeiro, Ant{\^o}nio H. and Pedregosa, Fabian and {van Mulbregt}, Paul and {SciPy 1.0 Contributors}},
  title   = {{{SciPy} 1.0: Fundamental Algorithms for Scientific Computing in Python}},
  journal = {Nature Methods},
  year    = {2020},
  volume  = {17},
  pages   = {261--272},
  adsurl  = {https://rdcu.be/b08Wh},
  doi     = {10.1038/s41592-019-0686-2},
}

@article{matplotlib,
  title={Matplotlib: A 2D graphics environment},
  author={Hunter, John D},
  journal={Computing in science \& engineering},
  volume={9},
  number={3},
  pages={90--95},
  year={2007},
  publisher={IEEE}
}
